@book{fund_crypt,
  title={Fundamentals of cryptology},
  author={Van Tilborg, Henk},
  year={2000},
  publisher={Kluwer Academic Publishers Group}
}

@article{article_key,
	address = {City},
	publisher = {Publisher},
	author = {Smith, James},
	title = {Article title},
	year = {2013},
	volume = {14},
	number = {6},
	pages = {1--8},
	month = {March}
}
